<?xml version="1.0" encoding="UTF-8" ?>
<collection xmlns:xsi="http://www.w3.org/2001/XMLSchema-instance" xsi:schemaLocation="http://www.loc.gov/MARC21/slim http://www.loc.gov/standards/marcxml/schema/MARC21slim.xsd" xmlns="http://www.loc.gov/MARC21/slim">
   <record>
      <leader>     cam a22      a 4500</leader>
      <controlfield tag="001">1910691</controlfield>
      <controlfield tag="003">COO</controlfield>
      <controlfield tag="005">20140820185746.0</controlfield>
      <controlfield tag="008">910516m19279999ua            001 0 ara d</controlfield>
      <datafield tag="035" ind1=" " ind2=" ">
         <subfield code="a">(NIC)notisAJX3032</subfield>
      </datafield>
      <datafield tag="035" ind1=" " ind2=" ">
         <subfield code="a">(OCoLC)64680594</subfield>
      </datafield>
      <datafield tag="035" ind1=" " ind2=" ">
         <subfield code="a">1910691</subfield>
      </datafield>
      <datafield tag="040" ind1=" " ind2=" ">
         <subfield code="a">NIC</subfield>
         <subfield code="c">NIC</subfield>
      </datafield>
      <datafield tag="100" ind1="1" ind2=" ">
         <subfield code="a">Muḥammad ʻAbduh,</subfield>
         <subfield code="d">1849-1905.</subfield>
      </datafield>
      <datafield tag="245" ind1="1" ind2="0">
         <subfield code="a">Tafsīr al-Qurʼān al-ḥakīm :</subfield>
         <subfield code="b">[al-mushtahar bi-ism Tafsīr al-Manār] /</subfield>
         <subfield code="c">Muḥammad ʻAbduh ; taʹlīf Muḥammad Rashīd Riḍā.</subfield>
      </datafield>
      <datafield tag="250" ind1=" " ind2=" ">
         <subfield code="a">Ṭabʻah 1.</subfield>
      </datafield>
      <datafield tag="260" ind1=" " ind2=" ">
         <subfield code="a">al-Qāhirah :</subfield>
         <subfield code="b">Maṭbaʻat al-Manār,</subfield>
         <subfield code="c">1324-1346 [i.e. 1906 or 7-1927 or 8]</subfield>
      </datafield>
      <datafield tag="300" ind1=" " ind2=" ">
         <subfield code="a">10 v. ;</subfield>
         <subfield code="c">25 cm.</subfield>
      </datafield>
      <datafield tag="500" ind1=" " ind2=" ">
         <subfield code="a">Includes indexes.</subfield>
      </datafield>
      <datafield tag="500" ind1=" " ind2=" ">
         <subfield code="a">Vols. 7-8 have: al-Ṭabʻah 2.</subfield>
      </datafield>
      <datafield tag="630" ind1="0" ind2="0">
         <subfield code="a">Qurʼan</subfield>
         <subfield code="x">Commentaries.</subfield>
      </datafield>
      <datafield tag="700" ind1="0" ind2=" ">
         <subfield code="a">Muḥammad Rashīd Riḍā.</subfield>
      </datafield>
      <datafield tag="740" ind1="0" ind2=" ">
         <subfield code="a">Tafsīr al-Manār.</subfield>
      </datafield>
      <datafield tag="903" ind1=" " ind2=" ">
         <subfield code="a">Google</subfield>
         <subfield code="d">20120110</subfield>
         <subfield code="p">31924068105323</subfield>
         <subfield code="v">juz6</subfield>
      </datafield>
      <datafield tag="903" ind1=" " ind2=" ">
         <subfield code="a">Google</subfield>
         <subfield code="d">20120110</subfield>
         <subfield code="p">31924068105463</subfield>
         <subfield code="v">juz2</subfield>
      </datafield>
      <datafield tag="903" ind1=" " ind2=" ">
         <subfield code="a">Google</subfield>
         <subfield code="d">20120110</subfield>
         <subfield code="p">31924068105471</subfield>
         <subfield code="v">juz4</subfield>
      </datafield>
      <datafield tag="903" ind1=" " ind2=" ">
         <subfield code="a">Google</subfield>
         <subfield code="d">20120110</subfield>
         <subfield code="p">31924068105489</subfield>
         <subfield code="v">juz9</subfield>
      </datafield>
      <datafield tag="903" ind1=" " ind2=" ">
         <subfield code="a">Google</subfield>
         <subfield code="d">20120110</subfield>
         <subfield code="p">31924068105620</subfield>
         <subfield code="v">juz3</subfield>
      </datafield>
      <datafield tag="903" ind1=" " ind2=" ">
         <subfield code="a">Google</subfield>
         <subfield code="d">20120110</subfield>
         <subfield code="p">31924068105638</subfield>
         <subfield code="v">juz5</subfield>
      </datafield>
      <datafield tag="903" ind1=" " ind2=" ">
         <subfield code="a">Google</subfield>
         <subfield code="d">20120110</subfield>
         <subfield code="p">31924068105646</subfield>
         <subfield code="v">juz10</subfield>
      </datafield>
      <datafield tag="903" ind1=" " ind2=" ">
         <subfield code="a">Google</subfield>
         <subfield code="d">20120110</subfield>
         <subfield code="p">31924068105794</subfield>
         <subfield code="v">juz1</subfield>
      </datafield>
      <datafield tag="903" ind1=" " ind2=" ">
         <subfield code="a">Google</subfield>
         <subfield code="d">20120110</subfield>
         <subfield code="p">31924068105802</subfield>
         <subfield code="v">juz8</subfield>
      </datafield>
      <datafield tag="903" ind1=" " ind2=" ">
         <subfield code="a">Google</subfield>
         <subfield code="d">20120110</subfield>
         <subfield code="p">31924068105810</subfield>
         <subfield code="v">juz7</subfield>
      </datafield>
      <datafield tag="903" ind1=" " ind2=" ">
         <subfield code="a">Google</subfield>
         <subfield code="d">20120110</subfield>
         <subfield code="p">31924068105323</subfield>
         <subfield code="v">juz6 </subfield>
      </datafield>
      <datafield tag="903" ind1=" " ind2=" ">
         <subfield code="a">Google</subfield>
         <subfield code="d">20120110</subfield>
         <subfield code="p">31924068105463</subfield>
         <subfield code="v">juz2 </subfield>
      </datafield>
      <datafield tag="903" ind1=" " ind2=" ">
         <subfield code="a">Google</subfield>
         <subfield code="d">20120110</subfield>
         <subfield code="p">31924068105471</subfield>
         <subfield code="v">juz4 </subfield>
      </datafield>
      <datafield tag="903" ind1=" " ind2=" ">
         <subfield code="a">Google</subfield>
         <subfield code="d">20120110</subfield>
         <subfield code="p">31924068105489</subfield>
         <subfield code="v">juz9 </subfield>
      </datafield>
      <datafield tag="903" ind1=" " ind2=" ">
         <subfield code="a">Google</subfield>
         <subfield code="d">20120110</subfield>
         <subfield code="p">31924068105620</subfield>
         <subfield code="v">juz3 </subfield>
      </datafield>
      <datafield tag="903" ind1=" " ind2=" ">
         <subfield code="a">Google</subfield>
         <subfield code="d">20120110</subfield>
         <subfield code="p">31924068105638</subfield>
         <subfield code="v">juz5 </subfield>
      </datafield>
      <datafield tag="903" ind1=" " ind2=" ">
         <subfield code="a">Google</subfield>
         <subfield code="d">20120110</subfield>
         <subfield code="p">31924068105646</subfield>
         <subfield code="v">juz10 </subfield>
      </datafield>
      <datafield tag="903" ind1=" " ind2=" ">
         <subfield code="a">Google</subfield>
         <subfield code="d">20120110</subfield>
         <subfield code="p">31924068105794</subfield>
         <subfield code="v">juz1 </subfield>
      </datafield>
      <datafield tag="903" ind1=" " ind2=" ">
         <subfield code="a">Google</subfield>
         <subfield code="d">20120110</subfield>
         <subfield code="p">31924068105802</subfield>
         <subfield code="v">juz8 </subfield>
      </datafield>
      <datafield tag="903" ind1=" " ind2=" ">
         <subfield code="a">Google</subfield>
         <subfield code="d">20120110</subfield>
         <subfield code="p">31924068105810</subfield>
         <subfield code="v">juz7 </subfield>
      </datafield>
      <datafield tag="905" ind1=" " ind2=" ">
         <subfield code="a">19950314120000.0</subfield>
      </datafield>
      <datafield tag="903" ind1=" " ind2=" ">
         <subfield code="a">NYUACO</subfield>
         <subfield code="d">20141028</subfield>
         <subfield code="p">31924068105471</subfield>
      </datafield>
      <datafield tag="950" ind1=" " ind2=" ">
         <subfield code="a">BP130.4</subfield>
         <subfield code="b">.M939</subfield>
         <subfield code="v">juz4 </subfield>
      </datafield>
      <datafield tag="903" ind1=" " ind2=" ">
         <subfield code="a">NYUACO</subfield>
         <subfield code="d">20141028</subfield>
         <subfield code="p">31924068105489</subfield>
      </datafield>
      <datafield tag="950" ind1=" " ind2=" ">
         <subfield code="a">BP130.4</subfield>
         <subfield code="b">.M939</subfield>
         <subfield code="v">juz9 </subfield>
      </datafield>
      <datafield tag="903" ind1=" " ind2=" ">
         <subfield code="a">NYUACO</subfield>
         <subfield code="d">20141028</subfield>
         <subfield code="p">31924068105620</subfield>
      </datafield>
      <datafield tag="950" ind1=" " ind2=" ">
         <subfield code="a">BP130.4</subfield>
         <subfield code="b">.M939</subfield>
         <subfield code="v">juz3 </subfield>
      </datafield>
      <datafield tag="903" ind1=" " ind2=" ">
         <subfield code="a">NYUACO</subfield>
         <subfield code="d">20141028</subfield>
         <subfield code="p">31924068105646</subfield>
      </datafield>
      <datafield tag="950" ind1=" " ind2=" ">
         <subfield code="a">BP130.4</subfield>
         <subfield code="b">.M939</subfield>
         <subfield code="v">juz10 </subfield>
      </datafield>
      <datafield tag="903" ind1=" " ind2=" ">
         <subfield code="a">NYUACO</subfield>
         <subfield code="d">20141028</subfield>
         <subfield code="p">31924068105794</subfield>
      </datafield>
      <datafield tag="950" ind1=" " ind2=" ">
         <subfield code="a">BP130.4</subfield>
         <subfield code="b">.M939</subfield>
         <subfield code="v">juz1 </subfield>
      </datafield>
      <datafield tag="903" ind1=" " ind2=" ">
         <subfield code="a">NYUACO</subfield>
         <subfield code="d">20141028</subfield>
         <subfield code="p">31924068105802</subfield>
      </datafield>
      <datafield tag="950" ind1=" " ind2=" ">
         <subfield code="a">BP130.4</subfield>
         <subfield code="b">.M939</subfield>
         <subfield code="v">juz8 </subfield>
      </datafield>
      <datafield tag="903" ind1=" " ind2=" ">
         <subfield code="a">NYUACO</subfield>
         <subfield code="d">20141028</subfield>
         <subfield code="p">31924068105810</subfield>
      </datafield>
      <datafield tag="950" ind1=" " ind2=" ">
         <subfield code="a">BP130.4</subfield>
         <subfield code="b">.M939</subfield>
         <subfield code="v">juz7 </subfield>
      </datafield>
   </record>
</collection>
